@inproceedings{ray2014large,
  title={A large scale study of programming languages and code quality in github},
  author={Ray, Baishakhi and Posnett, Daryl and Filkov, Vladimir and Devanbu, Premkumar},
  booktitle={Proceedings of the 22nd ACM SIGSOFT International Symposium on Foundations of Software Engineering},
  pages={155--165},
  year={2014},
  organization={ACM}
}

@article{vceleda2015kypo,
  title={KYPO--A Platform for Cyber Defence Exercises},
  author={{\v{C}}eleda, Pavel and {\v{C}}egan, Jakub and Vykopal, Jan and Tovar{\v{n}}{\'a}k, Daniel},
  journal={M\&S Support to Operational Tasks Including War Gaming, Logistics, Cyber Defence. NATO Science and Technology Organization},
  year={2015}
}

@misc{eichler2014analytical,
  title={Analytical and Visualization Tool for Cybernetic Proving Ground},
  author={Eichler, Zdenek and O{\v{s}}lej{\v{s}}ek, Radek and Toth, Dalibor},
  year={2014},
  publisher={Brno}
}

@book{sezov2011liferay,
  title={Liferay in action: the official guide to Liferay portal development},
  author={Sezov, Rich},
  year={2011},
  publisher={Manning}
}

@techreport{sezov2010portal,
  title={Portal administrator's guide},
  author={Sezov Jr, Richard L and Kostas, Stephen},
  year={2010},
  institution={Technical report, Liferay Corp., 20 10. http://cdn. docs. liferay. com/portal/6.0/official/liferay-administrator-guide-6.0. pdf}
}

@phdthesis{burska2016portlety,
  title={Portlets for the management and visualization of sandboxes in Cybernetic Proving Ground},
  author={Burská, Karolína},
  year={2016},
  school={Masarykova univerzita, Fakulta informatiky}
}

@misc{nbu2012,
  author = "Národní bezpečnostní úřad",
  title = "Věcný záměr zákona o kybernetické bezpečnosti",
  year = "2012",
  url = "https://www.govcert.cz/download/legislativa/container-nodeid-926/vecny-zamer-final-vlada.pdf",
  note = "[Online]"
}

@phdthesis{dankovvcikova2015konfigurace,
  title={Konfigurace a přehrávání herního scénáře v prostředí portálu Kypo},
  author={DANKOV{\v{C}}{\'I}KOV{\'A}, Zuzana},
  year={2015},
  school={Masarykova univerzita, Fakulta informatiky}
}